@inproceedings{DBLP:conf/cav/Vazquez-Chanlatte20,
  author    = {Marcell Vazquez{-}Chanlatte and
               Sanjit A. Seshia},
  title     = {Maximum Causal Entropy Specification Inference from Demonstrations},
  booktitle = {{CAV} {(2)}},
  series    = {Lecture Notes in Computer Science},
  volume    = {12225},
  pages     = {255--278},
  publisher = {Springer},
  year      = {2020}
}